@inproceedings{bailis2014scalable,
  title={Scalable Atomic Visibility with RAMP Transactions},
  author={Bailis, Peter and Fekete, Alan and Ghodsi, Ali and Hellerstein, Joseph M and Stoica, Ion},
  booktitle={ACM SIGMOD Conference},
  year={2014}
}

@article{nikolic2014linview,
  title={LINVIEW: Incremental View Maintenance for Complex Analytical Queries},
  author={Nikolic, Milos and ElSeidy, Mohammed and Koch, Christoph},
  journal={arXiv preprint arXiv:1403.6968},
  year={2014}
}

@inproceedings{percolator,
title = {Large-scale Incremental Processing Using Distributed Transactions and Notifications},
author  = {Daniel Peng and Frank Dabek},
year  = 2010,
booktitle = {Proceedings of the 9th USENIX Symposium on Operating Systems Design and Implementation}
}

@inproceedings{qiao2013brewing,
  title={On brewing fresh espresso: LinkedIn's distributed data serving platform},
  author={Qiao, Lin and Surlaker, Kapil and Das, Shirshanka and Quiggle, Tom and Schulman, Bob and Ghosh, Bhaskar and Curtis, Antony and Seeliger, Oliver and Zhang, Zhen and Auradar, Aditya and others},
  booktitle={Proceedings of the 2013 international conference on Management of data},
  pages={1135--1146},
  year={2013},
  organization={ACM}
}

@article{abadi2003aurora,
  title={Aurora: a new model and architecture for data stream management},
  author={Abadi, Daniel J and Carney, Don and {\c{C}}etintemel, Ugur and Cherniack, Mitch and Convey, Christian and Lee, Sangdon and Stonebraker, Michael and Tatbul, Nesime and Zdonik, Stan},
  journal={The VLDB Journalâ€”The International Journal on Very Large Data Bases},
  volume={12},
  number={2},
  pages={120--139},
  year={2003},
  publisher={Springer-Verlag New York, Inc.}
}

@inproceedings{golab2011consistency,
  title={Consistency in a Stream Warehouse.},
  author={Golab, Lukasz and Johnson, Theodore},
  booktitle={CIDR},
  volume={11},
  pages={114--122},
  year={2011}
}

@article{golab2012scalable,
  title={Scalable scheduling of updates in streaming data warehouses},
  author={Golab, Lukasz and Johnson, Theodore and Shkapenyuk, Vladislav},
  journal={Knowledge and Data Engineering, IEEE Transactions on},
  volume={24},
  number={6},
  pages={1092--1105},
  year={2012},
  publisher={IEEE}
}

@article{liarou2012monetdb,
  title={MonetDB/DataCell: online analytics in a streaming column-store},
  author={Liarou, Erietta and Idreos, Stratos and Manegold, Stefan and Kersten, Martin},
  journal={Proceedings of the VLDB Endowment},
  volume={5},
  number={12},
  pages={1910--1913},
  year={2012},
  publisher={VLDB Endowment}
}

@article{ghanem2010supporting,
  title={Supporting views in data stream management systems},
  author={Ghanem, Thanaa M and Elmagarmid, Ahmed K and Larson, Per-{\AA}ke and Aref, Walid G},
  journal={ACM Transactions on Database Systems (TODS)},
  volume={35},
  number={1},
  pages={1},
  year={2010},
  publisher={ACM}
}

@inproceedings{zaharia2012discretized,
  title={Discretized streams: an efficient and fault-tolerant model for stream processing on large clusters},
  author={Zaharia, Matei and Das, Tathagata and Li, Haoyuan and Shenker, Scott and Stoica, Ion},
  booktitle={Proceedings of the 4th USENIX conference on Hot Topics in Cloud Ccomputing},
  pages={10--10},
  year={2012},
  organization={USENIX Association}
}

@inproceedings{he2010comet,
  title={Comet: batched stream processing for data intensive distributed computing},
  author={He, Bingsheng and Yang, Mao and Guo, Zhenyu and Chen, Rishan and Su, Bing and Lin, Wei and Zhou, Lidong},
  booktitle={Proceedings of the 1st ACM symposium on Cloud computing},
  pages={63--74},
  year={2010},
  organization={ACM}
}

@article{joshi2008materialized,
  title={Materialized sample views for database approximation},
  author={Joshi, Shantanu and Jermaine, Chris},
  journal={Knowledge and Data Engineering, IEEE Transactions on},
  volume={20},
  number={3},
  pages={337--351},
  year={2008},
  publisher={IEEE}
}

@inproceedings{garofalakis2001approximate,
  title={Approximate Query Processing: Taming the TeraBytes.},
  author={Garofalakis, Minos N},
  booktitle={VLDB},
  year={2001}
}

@inproceedings{tatbul2003load,
  title={Load shedding in a data stream manager},
  author={Tatbul, Nesime and {\c{C}}etintemel, U{\u{g}}ur and Zdonik, Stan and Cherniack, Mitch and Stonebraker, Michael},
  booktitle={Proceedings of the 29th international conference on Very large data bases-Volume 29},
  pages={309--320},
  year={2003},
  organization={VLDB Endowment}
}

@phdthesis{olken1993random,
  title={Random sampling from databases},
  author={Olken, Frank},
  year={1993},
  school={University of California}
}

@article{rabkin2014aggregation,
  title={Aggregation and Degradation in JetStream: Streaming analytics in the wide area},
  author={Rabkin, Ariel and Arye, Matvey and Sen, Siddhartha and Pai, Vivek S and Freedman, Michael J},
  journal={NSDI, April},
  year={2014}
}

@inproceedings{agarwal2013blinkdb,
  title={BlinkDB: queries with bounded errors and bounded response times on very large data},
  author={Agarwal, Sameer and Mozafari, Barzan and Panda, Aurojit and Milner, Henry and Madden, Samuel and Stoica, Ion},
  booktitle={Proceedings of the 8th ACM European Conference on Computer Systems},
  pages={29--42},
  year={2013},
  organization={ACM}
}

@inproceedings{babcock2004load,
  title={Load shedding for aggregation queries over data streams},
  author={Babcock, Brian and Datar, Mayur and Motwani, Rajeev},
  booktitle={Data Engineering, 2004. Proceedings. 20th International Conference on},
  pages={350--361},
  year={2004},
  organization={IEEE}
}

@inproceedings{gibbons1997fast,
  title={Fast incremental maintenance of approximate histograms},
  author={Gibbons, Phillip B and Matias, Yossi and Poosala, Viswanath},
  booktitle={VLDB},
  volume={97},
  pages={466--475},
  year={1997}
}

@inproceedings{gibbons1998new,
  title={New sampling-based summary statistics for improving approximate query answers},
  author={Gibbons, Phillip B and Matias, Yossi},
  booktitle={ACM SIGMOD Record},
  volume={27},
  number={2},
  pages={331--342},
  year={1998},
  organization={ACM}
}

@inproceedings{dobra2002processing,
  title={Processing complex aggregate queries over data streams},
  author={Dobra, Alin and Garofalakis, Minos and Gehrke, Johannes and Rastogi, Rajeev},
  booktitle={Proceedings of the 2002 ACM SIGMOD international conference on Management of data},
  pages={61--72},
  year={2002},
  organization={ACM}
}

@inproceedings{greenwald2001space,
  title={Space-efficient online computation of quantile summaries},
  author={Greenwald, Michael and Khanna, Sanjeev},
  booktitle={ACM SIGMOD Record},
  volume={30},
  number={2},
  pages={58--66},
  year={2001},
  organization={ACM}
}

@inproceedings{re2007materialized,
  title={Materialized views in probabilistic databases: for information exchange and query optimization},
  author={R{\'e}, Christopher and Suciu, Dan},
  booktitle={Proceedings of the 33rd international conference on Very large data bases},
  pages={51--62},
  year={2007},
  organization={VLDB Endowment}
}

